<record><leader>00000cas a2200000 a 4500</leader><controlfield tag="001">26597235</controlfield><controlfield tag="008">920914d191u1921caudn ne      0    0eng c</controlfield><datafield ind1=" " ind2=" " tag="010"><subfield code="a">sn 92069467 </subfield></datafield><datafield ind1=" " ind2=" " tag="040"><subfield code="a">CUY</subfield><subfield code="b">eng</subfield><subfield code="c">CNK</subfield><subfield code="d">OCL</subfield><subfield code="d">OCLCQ</subfield><subfield code="d">CNK</subfield><subfield code="d">OCLCQ</subfield><subfield code="d">OCLCF</subfield><subfield code="d">OCLCO</subfield></datafield><datafield ind1="1" ind2=" " tag="029"><subfield code="a">AU@</subfield><subfield code="b">000020106962</subfield></datafield><datafield ind1=" " ind2=" " tag="042"><subfield code="a">pcc</subfield></datafield><datafield ind1=" " ind2=" " tag="043"><subfield code="a">n-us-ca</subfield></datafield><datafield ind1="0" ind2="4" tag="245"><subfield code="a">The Berkeley times.</subfield></datafield><datafield ind1=" " ind2=" " tag="260"><subfield code="a">Berkeley, Calif. :</subfield><subfield code="b">Taxpayers' Protective League</subfield></datafield><datafield ind1=" " ind2=" " tag="300"><subfield code="a">v.</subfield></datafield><datafield ind1=" " ind2=" " tag="310"><subfield code="a">Daily (except Sun.),</subfield><subfield code="b">May 15, 1919-Sept. 10, 1921</subfield></datafield><datafield ind1=" " ind2=" " tag="321"><subfield code="a">Weekly,</subfield><subfield code="b">-May 9, 1919</subfield></datafield><datafield ind1="0" ind2=" " tag="362"><subfield code="a">-v. 10, no. 110 (Sept. 10, 1921).</subfield></datafield><datafield ind1=" " ind2=" " tag="500"><subfield code="a">Published by: Taxpayers' Protective League; West Berkeley Improvement Club; Longfellow Improvement Club.</subfield></datafield><datafield ind1=" " ind2=" " tag="530"><subfield code="a">Master negatives are available for duplication from:</subfield><subfield code="b">California Newspaper Microfilm Archive;</subfield><subfield code="c">positive copies may be purchased by the reel; for further information consult the CNMA at:</subfield><subfield code="u">http://cbsr.ucr.edu</subfield></datafield><datafield ind1=" " ind2=" " tag="588"><subfield code="a">Description based on: Vol. 2, no. 24 (Nov. 3, 1916).</subfield></datafield><datafield ind1=" " ind2="0" tag="651"><subfield code="a">Berkeley (Calif.)</subfield><subfield code="v">Newspapers.</subfield></datafield><datafield ind1=" " ind2="7" tag="655"><subfield code="a">Newspapers.</subfield><subfield code="2">fast</subfield><subfield code="0">(OCoLC)fst01423814</subfield></datafield><datafield ind1=" " ind2="7" tag="651"><subfield code="a">California</subfield><subfield code="z">Berkeley.</subfield><subfield code="2">fast</subfield><subfield code="0">(OCoLC)fst01205020</subfield></datafield><datafield ind1="2" ind2=" " tag="710"><subfield code="a">Taxpapers' Protective League.</subfield></datafield><datafield ind1="2" ind2=" " tag="710"><subfield code="a">West Berkeley Improvement Club.</subfield></datafield><datafield ind1="2" ind2=" " tag="710"><subfield code="a">Longfellow Improvement Club.</subfield></datafield><datafield ind1=" " ind2=" " tag="752"><subfield code="a">United States</subfield><subfield code="b">California</subfield><subfield code="c">Alameda</subfield><subfield code="d">Berkeley.</subfield></datafield><datafield ind1="0" ind2="0" tag="780"><subfield code="t">Neighborhood news (Berkeley, Calif.)</subfield></datafield><datafield ind1="0" ind2="0" tag="785"><subfield code="t">Berkeley daily times</subfield><subfield code="w">(DLC)sn 92069468</subfield></datafield></record>